1991 3291
76 159 124 188 K.
154 158 452 195 JOHAN880N,
477 157 859 187 ANTECKNINGAR
880 158 952 187 FR.
977 157 1597 187 HIERACIE-EXKURSIONER.
1631 148 1680 186 31

76 260 242 312 sparsis
274 257 593 312 glandulisque
624 258 813 298 minutis
844 257 1227 299 solitariis—raris
1258 257 1512 311 adspersus.
1556 257 1688 298 Folia

75 325 263 366 sublaete
295 324 472 367 viridia.
506 325 670 365 subtus
701 324 847 365 multo
878 324 1129 378 pallidiora,
1163 324 1442 377 marginibus
1481 332 1516 371 ss
1542 324 1688 365 undu-

73 381 182 429 lata,
227 380 389 421 leviter
434 395 474 420 v.
524 381 815 433 inconspicue
860 380 1057 429 stellata,
1105 380 1383 434 marginibus
1429 380 1583 421 ciliata
1640 386 1687 421 et

75 446 396 495 scabriuscula,
438 453 639 487 ceterum
682 447 950 488 indumento
992 447 1206 488 mediocri
1237 451 1481 496 instructa;
1515 447 1688 488 basalia

79 514 246 555 florum
306 517 512 567 tempore
569 514 706 567 Vulgo
751 514 993 561 emarcida,
1048 528 1147 554 rare
1198 516 1344 564 (2—3)
1395 515 1689 568 persistentia

76 579 950 634 elliptico—oblonga—-ovali-lanceolata
968 586 1037 621 'sat
1056 581 1209 622 crebre
1226 581 1304 622 sed
1323 580 1445 622 haud
1462 580 1689 635 profunde

76 646 497 696 crenato-dentata;
531 647 710 688 caulina
740 647 955 688 inferiora
986 647 1254 688 internodiis
1286 647 1490 701 longiora
1510 647 1688 689 lanceo-

75 714 170 755 lata
201 714 485 755 acutiuscula
516 715 562 755 in
593 714 815 768 petiolum
846 714 1029 755 brevem
1062 714 1271 755 villosum
1303 720 1561 764 attenuata,
1580 714 1689 756 den—

76 781 200 822 tibus
244 781 398 835 parvis
440 782 646 835 angustis
684 781 1278 835 patentibus-<divaricatis
1310 781 1522 830 dentata;
1557 795 1688 836 supe—

76 849 197 889 riora
242 848 408 889 sensim
453 849 498 888 in
546 848 753 889 bracteas
798 848 1106 889 decrescentia
1151 848 1320 889 sessilia
1359 857 1395 896 ss
1434 848 1689 890 lanceolata

77 915 169 956 fere
213 928 358 969 usque
403 930 429 956 a
475 915 572 956 basi
617 915 712 956 lata
757 916 803 956 in
847 916 1022 969 apicem
1053 915 1386 969 longiusculum
1425 924 1461 963 ᾗς
1500 921 1690 957 acutum

77 983 242 1024 sensim
287 988 550 1036 angustata,
598 982 815 1024 dentibus
846 982 1202 1024 deltaeformibus
1234 983 1376 1037 magis
1406 982 1691 1024 distantibus

77 1049 284 1103 apicibus
314 1049 660 1091 horizontaliter
691 1050 959 1104 patentibus
990 1055 1150 1104 argute
1181 1049 1584 1091 serrato-dentata.

189 1117 378 1158 Anthela
427 1117 694 1171 paniculata
750 1126 786 1165 ὲ
840 1117 1196 1158 indeterminata
1241 1118 1377 1158 ramis
1422 1117 1691 1171 patentibus

78 1184 249 1225 strictis
293 1198 349 1224 ex
395 1184 540 1225 axillis
577 1184 789 1225 foliorum
820 1185 1105 1238 superiorum
1136 1188 1183 1225 et
1215 1184 1503 1225 bractearum
1535 1184 1690 1225 evolu-

78 1251 136 1291 tis
182 1251 409 1292 acladium
450 1255 554 1292 1—3
587 1265 670 1292 cm.
704 1251 888 1305 longum
922 1251 1212 1304 aequantibus
1243 1250 1315 1292 ve]
1345 1251 1687 1305 superantibus.

78 1317 212 1357 Rami
255 1323 300 1358 et
346 1318 553 1371 pedieelli
594 1319 641 1359 in
685 1318 826 1359 latere
864 1323 1124 1358 extrorsum
1156 1323 1373 1371 vergente
1404 1319 1566 1372 saepius
1597 1332 1690 1359 sor-

77 1383 181 1425 dide
218 1390 616 1438 purpurascentes,
650 1390 854 1426 ceterum
893 1393 928 1432 ss
968 1384 1311 1426 subtomentelli
1343 1386 1451 1426 setis
1484 1385 1556 1426 vel
1587 1385 1692 1439 pilis

77 1452 408 1504 patentissimis
440 1452 741 1506 rigidiusculis
773 1453 942 1492 strictis
975 1452 1133 1493 vitreis
1164 1452 1691 1505 sparsis—densiusculis

79 1533 122 1559 v.
169 1518 255 1559 sub
292 1519 528 1560 involucro
559 1520 709 1561 densis
740 1519 1059 1573 glandulisquc
1089 1520 1278 1561 minutis
1309 1521 1476 1573 sparsis
1508 1520 1592 1561 sub
1623 1521 1689 1561 in-

79 1585 268 1627 voluero
299 1600 416 1640 saepe
447 1587 598 1628 densis
630 1587 816 1628 obtecti.
877 1587 1112 1629 [molum-a
1132 1588 1436 1641 nigrescentia
1454 1588 1691 1642 variegata

79 1653 236 1694 brevia
281 1658 326 1694 et
379 1654 511 1695 valde
556 1669 708 1696 crassa
739 1659 846 1697 7-8
877 1669 982 1696 mm.
1016 1655 1111 1695 lata
1141 1660 1187 1695 et
1219 1669 1287 1696 c:a
1322 1659 1370 1695 12
1401 1669 1507 1696 mm.
1540 1655 1689 1709 longa,

79 1720 192 1762 tubo
238 1720 365 1762 brevi
410 1722 760 1775 subcylindrico,
806 1722 903 1763 basi
950 1721 1275 1763 subturbinata
1324 1723 1368 1762 in
1418 1722 1690 1776 pedicellum

79 1788 207 1842 apice
246 1797 283 1836 ᾗ
322 1789 574 1830 incrassato
605 1789 759 1830 subito
790 1794 1051 1843 angustata.
1113 1790 1317 1842 Squamoe
1338 1803 1588 1830 numerosae
1609 1790 1691 1830 im-

80 1855 265 1896 bricatae
310 1856 414 1897 latae
460 1862 506 1898 et
552 1857 727 1897 obtusae
773 1857 1147 1910 nigro-olivaceae,
1180 1858 1412 1898 inieriores
1443 1862 1489 1897 et
1519 1857 1692 1898 intimae

79 1923 126 1962 in
170 1924 452 1977 marginibus
496 1924 601 1965 latis
646 1924 802 1965 dilutis
839 1924 1020 1965 sordide
1058 1924 1688 1972 virescentes—albescenteS,

80 2002 236 2030 omnes
271 1990 497 2044 glandulis
528 1992 717 2032 minutis
755 2000 791 2039 ᾖ
830 1991 1160 2032 lutescentibus
1192 1991 1359 2032 crebris
1390 1991 1689 2045 punct-illatae,

79 2055 182 2110 pilis
222 2057 411 2099 dimidia
442 2073 484 2099 V.
518 2060 717 2099 maxima
748 2063 880 2112 parte
912 2058 1027 2099 albis
1060 2058 1275 2099 brevibus
1307 2063 1352 2099 et
1383 2058 1690 2099 mediocribus

81 2124 323 2166 raris—sat
354 2125 505 2172 densis
536 2126 746 2174 obtectae,
779 2126 1024 2166 exteriores
1046 2130 1092 2166 et
1113 2125 1393 2166 intermediae
1411 2125 1693 2178 marginibus

79 2190 242 2232 leviter
271 2192 463 2234 stellatae
494 2194 621 2247 apice
653 2193 854 2234 breviter
884 2206 1086 2241 eomosae,
1110 2193 1364 2246 superiores
1381 2206 1537 2233 omnes
1554 2206 1694 2246 supra

79 2258 280 2299 medium
325 2259 480 2301 floccis
526 2261 715 2301 minutis
761 2265 833 2300 sat
882 2259 1034 2300 densis
1081 2259 1173 2300 late
1210 2259 1424 2306 limbatas,
1459 2259 1586 2312 apice
1618 2258 1692 2299 vel

79 2324 198 2366 infra
229 2326 431 2368 breviter
460 2332 506 2368 et
538 2332 609 2368 sat
641 2327 839 2368 ubertim
870 2340 1072 2368 comosae.
1135 2326 1387 2368 Calathium
1416 2325 1593 2366 luteum
1623 2339 1694 2366 c:a

81 2395 133 2432 40
165 2406 270 2434 mm.
303 2394 461 2435 latum.
523 2394 690 2448 Ligulae
723 2395 768 2435 in
798 2395 965 2448 pagina
996 2394 1220 2435 exteriore
1251 2407 1395 2446 usque
1426 2392 1486 2433 ad
1516 2393 1693 2446 apicem

80 2458 219 2500 dense
263 2460 429 2514 pilosae,
477 2462 606 2514 apice
653 2460 791 2514 vulgo
837 2461 1039 2501 breviter
1080 2460 1256 2501 ciliatae.
1319 2459 1476 2513 Stylus
1508 2458 1694 2500 sordide

79 2525 307 2568 lutescens
346 2537 382 2575 ss
422 2527 821 2582 fuscohispidulus.

197 2595 308 2636 Latt
352 2594 578 2649 igenkand
626 2597 686 2649 pa
722 2595 777 2635 de
809 2600 947 2643 stora,
982 2594 1112 2635 bred-
1144 2593 1228 2635 och
1260 2593 1590 2647 trubbfjalliga,
1623 2593 1691 2634 till

80 2661 389 2715 grundfargen
434 2661 606 2711 merka,
654 2675 757 2702 men
803 2661 952 2702 starkt
995 2661 1186 2715 brokiga
1217 2660 1453 2709 holkarna,
1487 2674 1583 2701 som
1613 2663 1694 2701 aro

81 2733 175 2771 tatt
220 2729 508 2784 punkterade
552 2729 599 2770 af
638 2729 785 2772 korta.
818 2728 1129 2783 gulknappiga
1159 2727 1424 2782 glandelhar
1454 2727 1547 2769 och¹
1569 2727 1692 2768 dess-

82 2802 212 2838 utom
242 2796 412 2838 kladda
443 2796 489 2837 af
521 2799 614 2837 ratt
645 2796 960 2844 tattsittande,
994 2795 1142 2845 korta,
1176 2794 1591 2849 hvitspetsadehar
1604 2794 1694 2836 f'or-

83 2868 211 2905 utom
241 2863 320 2904 det
351 2868 448 2904 mot
480 2863 659 2915 fjallens
690 2862 855 2904 kanter
872 2862 957 2903 och
974 2868 1152 2916 spetsar
1169 2862 1347 2916 hopade
1365 2861 1691 2915 stj'arnluddet.
